@book{Popper1934,
  address = {London},
  author = {Popper, K. R.},
  publisher = {Hutchinson},
  title = {The Logic of Scientific Discovery},
  year = 1934
}

@book{Popper1968,
  address = {New York},
  author = {Popper, Karl Raimund},
  title = {Conjectures and Refutations: The Growth of Scientific Knowledge},
  publisher = {Harper \& Row},
  year = 1968
}



@Misc{Jones2001,
  author =    {Eric Jones and Travis Oliphant and Pearu Peterson and others},
  title =     {{SciPy}: Open source scientific tools for {Python}},
  year =      {2001--},
  url = "http://www.scipy.org/"
}
@Manual{,
       title        = {R: A Language and Environmentfor Statistical Computing},
       author       = {{R Development Core Team}},
       organization = {R Foundation for Statistical Computing},
       address      = {Vienna, Austria},
       year         = 2005,
       note         = {{ISBN} 3-900051-07-0},
       url          = {http://www.R-project.org}
     }
@Article{Beare2006,
  Author	= "R. Beare and G. Lehmann",
  Title		= "The watershed transform in ITK - discussion and new developments",
  howpublished		= "\url{http://hdl.handle.net/1926/202}",
  journal = "The Insight Journal",
  Year		= 2006,
  Month		= 06,
  Abstract	= "This report discusses various definitions and implementations of the watershed transform as well as providing an introduction to some well known techniques for applying the watershed transform to practical problems. The discussion will be focused on new and existing ITK classes.",
  Language	= en,
  Keywords	= "watershed transform, image segmentation",
}
@article{Beazley2003,
 author = {Beazley, D. M.},
 title = {Automated scientific software scripting with {SWIG}},
 journal = {Future Gener. Comput. Syst.},
 issue_date = {July 2003},
 volume = {19},
 number = {5},
 month = jul,
 year = {2003},
 issn = {0167-739X},
 pages = {599--609},
 numpages = {11},
 url = {http://dx.doi.org/10.1016/S0167-739X(02)00171-1},
 doi = {10.1016/S0167-739X(02)00171-1},
 acmid = {860018},
 publisher = {Elsevier Science Publishers B. V.},
 address = {Amsterdam, The Netherlands, The Netherlands},
 keywords = {SWIG, interface compiler, python, scientific software, scripting languages},
} 

@book{Gamma1995,
 author = {Gamma, Erich and Helm, Richard and Johnson, Ralph and Vlissides, John},
 title = {Design patterns: elements of reusable object-oriented software},
 year = {1995},
 isbn = {0-201-63361-2},
 publisher = {Addison-Wesley Longman Publishing Co., Inc.},
 address = {Boston, MA, USA},
} 

@book{Sutter1999,
 author = {Sutter, Herb},
 title = {Exceptional C++: 47 engineering puzzles, programming problems, and solutions},
 year = {2000},
 isbn = {0-201-61562-2},
 publisher = {Addison-Wesley Longman Publishing Co., Inc.},
 address = {Boston, MA, USA},
} 

@Manual{Ibanez2005,
  Title          = {The {ITK} {S}oftware {G}uide},
  Author         = {Ibanez, L. and Schroeder, W. and Ng, L. and Cates, J.},
  Organization   = "Kitware, Inc. ISBN 1-930934-15-7",
  Address        = {http://www.itk.org/ItkSoftwareGuide.pdf},
  Edition        = {Second},
  year           = {2005}
 }


@Article{Halle2013,
  Author    = "Michael Halle and Ion-FlorinF. Talos and Marianna Jakab and Nikos Makris and Dominik Meier and Laurence Wald and Bruce Fischl and Ron Kikinis",
  Title   	 = "Multi-modality MRI-based Atlas of the Brain",
  Year   	 = 2013,
  Month    = 08,
  Publisher    = "SPL",
  Institution    = "Surgical Planning Laboratory, Department of Radiology, Brigham and Women's Hospital, Harvard Medical School, Boston, MA, USA.",
  Sponsor    = "P41 RR013218/RR/NCRR NIH HHS/United States",
  Keywords    = "Atlas, Brain, MRI based, Multi-modality",
}


@article{Brandt1994,
  title={Estimation of CSF, white and gray matter volumes in hydrocephalic children using fuzzy clustering of MR images},
  author={Brandt, Michael E and Bohant, Timothy P and Kramer, Larry A and Fletcher, Jack M},
  journal={Computerized Medical Imaging and Graphics},
  volume={18},
  number={1},
  pages={25--34},
  year={1994},
  publisher={Elsevier}
}

@article{Staal2000,
  title={Structural brain abnormalities in patients with schizophrenia and their healthy siblings},
  author={Staal, Wouter G and Pol, Hilleke E Hulshoff and Schnack, Hugo G and Hoogendoorn, Mechteld LC and Kahn, Ren{\c{c}} and others},
  journal={American Journal of Psychiatry},
  volume={157},
  number={3},
  pages={416--421},
  year={2000},
  publisher={Am Psychiatric Assoc}
}

@book{Ierusalimschy2006,
 author = {Ierusalimschy, Roberto and Figueiredo, Luiz Henrique de and Celes, Waldemar},
 title = {Lua 5.1 Reference Manual},
 year = {2006},
 isbn = {8590379833},
 publisher = {Lua.Org},
} 

@article{Murphy2011,
title = "Correlative 3D imaging of whole mammalian cells with light and electron microscopy ",
journal = "Journal of Structural Biology ",
volume = "176",
number = "3",
pages = "268 - 278",
year = "2011",
note = "",
issn = "1047-8477",
doi = "http://dx.doi.org/10.1016/j.jsb.2011.08.013",
url = "http://www.sciencedirect.com/science/article/pii/S1047847711002528",
author = "Gavin E. Murphy and Kedar Narayan and Bradley C. Lowekamp and Lisa M. Hartnell and Jurgen A.W. Heymann and Jing Fu and Sriram Subramaniam",
keywords = "Ion-abrasion scanning electron microscopy",
keywords = "Focused ion beam scanning electron microscopy",
keywords = "Correlative light electron microscopy",
keywords = "T cells",
keywords = "\{HIV\} "
}


@book{Alexandrescu2001,
 author = {Alexandrescu, Andrei},
 title = {Modern C++ design: generic programming and design patterns applied},
 year = {2001},
 isbn = {0-201-70431-5},
 publisher = {Addison-Wesley Longman Publishing Co., Inc.},
 address = {Boston, MA, USA},
}

@Article{Fedorov2012,
  Author	= "Andriy Fedorov and Reinhard Beichel and Jayashree Kalpathy-Cramer and Julien Finet and Jean-CristopheC. Fillion-Robin and Sonia Pujol and Christian Bauer and Dominique Jennings and Fiona Fennessy and Milan Sonka and John Buatti and StephenR Aylward and JamesV Miller and Steve Pieper and Ron Kikinis",
  Title		= "3{D} {S}licer as an Image Computing Platform for the Quantitative Imaging Network",
  Year		= 2012,
  Month	= 11,
  Journal	= "Magnetic Resonance Imaging",
  Volume	= "30",
  Number	= "9",
  Pages	= "1323--1341",
  Publisher	= "Elsevier",
  Institution	= "Brigham and Womenâ€™s Hospital, Harvard Medical School, Boston, MA, USA.",
  Sponsor	= "U01 CA151261/CA/NCI NIH HHS/United States
P41 EB015898/LM/NLM NIH HHS/United States
P41 RR013218/RR/NCRR NIH HHS/United States
U54 EB005149/EB/NIBIB NIH HHS/United States
R01 CA111288/CA/NCI NIH HHS/United States
U01 CA140206/CA/NCI NIH HHS/United States
U01 CA154601/CA/NCI NIH HHS/United States
R00 LM009889/LM/NLM NIH HHS/United States",
  PubMedID	= "22770690",
  Keywords	= "cancer imaging, quantitative imaging, software tools, medical imaging, imaging biomarkers, image analysis, MRI, PET, CT, Brain, Head and neck, glioblastoma, cancer treatment response",
}

@MISC{Yoo2002,
    author = {Terry S. Yoo and Michael J. Ackerman and William E. Lorensen and Will Schroeder and Vikram Chalana and Stephen Aylward and Dimitris Metaxas and Ross Whitaker},
    title = {Engineering and Algorithm Design for an Image Processing {API}: A Technical Report on {ITK} - the {I}nsight {T}oolkit},
    year = {2002}
}

@url{gccxml,
author = {King, Brad},
title = {GCC-XML},
month = oct,
year = {2013},
url = {http://gccxml.org}
}


@Article{Lehmann2006,
  Author	= "G. Lehmann and Z. Pincus and B. Regrain",
  Title		= "Wrap{ITK}: Enhanced languages support for the {I}nsight {T}oolkit",
  howpublished = "\url{http://hdl.handle.net/1926/188}",
  Year		= 2006,
  Month		= 03,
  Language	= en,
  journal = "The Insight Journal"
}
@Article{Mueller2007,
  Author	= "D. Mueller",
  Title		= "Managed{ITK}: .{NET} {W}rappers for {ITK}",
  howpublished	= "\url{http://hdl.handle.net/1926/501}",
  Year		= 2007,
  Month		= 04,
  Language	= en,
  Keywords	= "CLR, managed, ITK, C++/CLI, C#, .NET",
  journal = "The Insight Journal"
}

@proceeding{Chu2006,
author = {Chu, Vincent and Hamarneh, Ghassan},
title = {{MATLAB-ITK} interface for medical image filtering, segmentation, and registration},
journal = {Proc. SPIE},
volume = {6144},
number = {},
pages = {61443T-61443T-8},
year = {2006},
doi = {10.1117/12.652628},
URL = { http://dx.doi.org/10.1117/12.652628},
}

@proceeding{Dickinson2011,
author = {Dickinson, A. W. L. and Mousavi, P. and Gobbi, D. G. and Abolmaesumi, P.},
title = {{SimITK}: rapid {ITK} prototyping using the {S}imulink visual programming environment},
journal = {Proc. SPIE},
volume = {7964},
number = {},
pages = {796438-796438-6},
year = {2011},
doi = {10.1117/12.878254},
URL = { http://dx.doi.org/10.1117/12.878254}
}


@book{Martin2003,
  Author	= "Ken Martin and Bill Hoffman",
  Title		= {Mastering {CM}ake: {A} {C}ross-{P}latform {B}uild {S}ystem},
  Year		= 2003,
  Month	= 01,
  Publisher	= "Kitware Inc",
}
@inproceedings{Seyedhosseini2011,
  author = {Seyedhosseini, Mojtaba and Kumar, Ritwik and Jurrus, Elizabeth and Giuly, Rick and Ellisman, Mark H. and Pfister, Hanspeter and Tasdizen, Tolga},
  booktitle = {MICCAI (1)},
  editor = {Fichtinger, Gabor and Martel, Anne L. and Peters, Terry M.},
  isbn = {978-3-642-23622-8},
  pages = {670-677},
  publisher = {Springer},
  series = {Lecture Notes in Computer Science},
  timestamp = {2011-09-22T00:00:00.000+0200},
  title = {Detection of Neuron Membranes in Electron Microscopy Images Using Multi-scale Context and Radon-Like Features.},
  volume = 6891,
  year = 2011
}


@Article{Perez2007,
  Author         = {P\'erez, Fernando and Granger, Brian E.},
  Title          = {{IP}ython: a {S}ystem for {I}nteractive {S}cientific {C}omputing},
  Journal        = {{C}omput. {S}ci. {E}ng.},
  Volume         = {9},
  Number         = {3},
  Pages          = {21-29},
  month          = may,
  year           = 2007,
  url            = "http://ipython.org",
}
